<?xml version="1.0" encoding="UTF-8"?><collection xmlns="http://www.loc.gov/MARC21/slim"><record><leader>00406nam--2200169-u-4500</leader><controlfield tag="001">000055508</controlfield><controlfield tag="002">20161230</controlfield><controlfield tag="005">20161230201052</controlfield><controlfield tag="008">130218s1000------------r-----000-0-eng-d</controlfield><datafield ind1=" " ind2=" " tag="040"><subfield code="a">IFIN-HH</subfield></datafield><datafield ind1=" " ind2=" " tag="080"><subfield code="a">801.232</subfield></datafield><datafield ind1="1" ind2=" " tag="100"><subfield code="a">Kunin, A.V</subfield></datafield><datafield ind1="1" ind2="0" tag="245"><subfield code="a">Anglo-russkii frazeologiceskii slovari</subfield><subfield code="c">A.v. kunin</subfield></datafield><datafield ind1=" " ind2=" " tag="260"><subfield code="a">Moskva</subfield><subfield code="c">1956</subfield></datafield><datafield ind1=" " ind2=" " tag="300"><subfield code="a">1455P</subfield></datafield><datafield ind1=" " ind2=" " tag="852"><subfield code="a">D.77</subfield><subfield code="c">SLT</subfield></datafield><datafield ind1=" " ind2=" " tag="CAT"><subfield code="a">Sys</subfield><subfield code="c">20130218</subfield><subfield code="h">112408</subfield></datafield></record></collection>